@manual{oetiket2007lshort,
    author = {Oetiket, T. and Partl, H. and Hyna and Schlegl, E.},
    title = {The not-so-short introduction to Latex},
    url = {http://www.ctan.org/tex-archive/info/lshort/english/lshort.pdf}
}

@Manual{downes2002shortams,
  title = 	 {{Short Math Guide for \LaTeX{}}},
  author = 	 {Downes,, Michael},
  organization = {American Mathematical Society},
  year = 	 {2002},
  url = 	 {ftp://ftp.ams.org/pub/tex/doc/amsmath/short-math-guide.pdf}
}

@Book{ungar2002uvod,
  author = 	 {Šime Ungar},
  title = 	 {{Uvod u \TeX{} s naglaskom na \LaTeX 2$\epsilon$}},
  publisher = 	 {Odjel za matematiku, Sveučilište J.J.\ Strossmayera u Osijeku},
  year = 	 {2002}
}

@article{surveillance,
  author          = {Seckiner D Mallett X Maynard P Meuwly D Roux C},
  title           = {Forensic gait analysis - Morphometric assessment from surveillance footage},
  journal         = {Forensic science international},
  volume          = {296},
  number          = {57-66},
  year            = {2019}
}

@article{VR,
  author          = {Wei Fang Lianyu Zheng Huanjun Deng Hongbo Zhang},
  title           = {Real-Time Motion Tracking for MobileAugmented/Virtual Reality Using AdaptiveVisual-Inertial Fusion},
  journal         = {Sensors},
  volume          = {},
  number          = {},
  year            = {2017}
}

@mastersthesis{android,
  author          = {Antonio Bevilacqua Bingquan Huang Rob Argent Brian Caulfield Tahar Kechadi},
  title           = {Automatic Classification of Knee Rehabilitation Exercises Using a Single Inertial Sensor: a Case Study},
  school          = {Insight Centre for Data Analytics, University College of Dublin, Ireland},
  year            = {2018}
}

@article{exo,
  author          = {Jun-Young Jung Wonho Heo Hyundae Yang and Hyunsub Park},
  title           = {A Neural Network-Based Gait Phase Classification Method  Using Sensors Equipped on Lower Limb Exoskeleton Robots },
  journal         = {Sensors},
  volume          = {},
  number          = {},
  year            = {2015}
}

@article{LowerLimb,
  author          = {Vincent Bonnet Vladimir Joukov Dana Kulić Philippe Fraisse Nacim Ramdani and Gentiane Venture},
  title           = {Monitoring of Hip and Knee Joint Angles Using a Single Inertial Measurement Unit During Lower Limb Rehabilitation},
  journal         = {Sensors},
  volume          = {16},
  number          = {6},
  year            = {2016}
}

@manual{ICM,
  title        = {World’s Lowest Power 9-Axis MEMS MotionTracking™ Device},
  author       = {TDK}
}

@manual{L3G,
  title        = {MEMS motion sensor: three-axis digital output gyroscope},
  author       = {ST}
}

@misc{mini_data_capture,
  author       = {Michael Pollind},
  title        = {Mini Data Capture},
  howpublished = {Github project},
  year         = {2018}
}